%% This BibTeX bibliography file was created by Sjurdur i Sandagerdi
%% Created for Group Project in Data Mining 2017
%%
%% Extra help here https://www.economics.utoronto.ca/osborne/latex/BIBTEX.HTM


@book{book-example,
 author = {John Doe},
 title = {Lorem ipsum},
 year = {2018},
 isbn = {0521865719, 9780521865715},
 publisher = {Unknown},
} 

@misc{website-example,
	title = {{Website example}},
	howpublished = {\url{https://google.com}},
	note = {Accessed: xxxx-xx-xx}
}

